@Article{ACOMISP1,
 author = {Hwayong Choi and Namsu Ahn and Sungsoo Park},
 title = {An Ant Colony Optimization Approach for the Maximum Independent Set Problem},
 journal = {Journal of the Korean Institute of Industrial Engineers},
 year = {2007},
 OPTkey = {},
 volume = {33},
 number = {4},
 OPTpages = {447-456},
 month = {December},
 OPTnote = {},
 OPTannote = {},
 OPTurl = {},
 OPTurldate = {},
 OPTlastchecked = {},
 OPTdoi = {},
 OPTisbn = {},
 OPTissn = {},
 OPTlocalfile = {},
 OPTabstract = {},
 OPTkeywords = {},
}

@Unpublished{ACOMISP2,
 author = {Guillermo Leguizamon and Martin Schutz and Zbigniew Michalewicz},
 title = {An Ant System for the Maximum Independent Set Problem},
 note = {Disponivel em: http://ls11-www.cs.tu-dortmund.de/downloads/papers/LeSz02.pdf},
 OPTkey = {},
 OPTmonth = {},
 year = {2011},
 OPTannote = {},
 OPTurl = {},
 OPTurldate = {},
 OPTlastchecked = {},
 OPTdoi = {},
 OPTisbn = {},
 OPTissn = {},
 OPTlocalfile = {},
 OPTabstract = {},
 OPTkeywords = {},
}

@article{Dorigo1,
  doi = {http://dx.doi.org/10.1109/3477.484436},
  author = {Marco Dorigo and Vittorio Maniezzo and A. Colorni},
  title = {{A}nt {S}ystem: Optimization by a Colony of Cooperating Agents},
  year = {1996},
  journal = {IEEE Transactions on Systems, Man, and Cybernetics - Part
             B},
  volume = {26},
  number = {1},
  pages = {29--41}
}

@Article{MISP1,
 author = {Robert E. Tarjan and Anthony E. Trojanowski},
 title = {Finding a Maximum Independent Set},
 journal = {STAN-CS-76-550},
 year = {1976},
 OPTkey = {},
 OPTvolume = {},
 OPTnumber = {},
 OPTpages = {},
 month = {Junho	},
 OPTnote = {},
 OPTannote = {},
 OPTurl = {},
 OPTurldate = {},
 OPTlastchecked = {},
 OPTdoi = {},
 OPTisbn = {},
 OPTissn = {},
 OPTlocalfile = {},
 OPTabstract = {},
 OPTkeywords = {},
}


@Book{knuth:84,
  author = 	 {Donald E. Knuth},
  title = 	 {The {\TeX} Book},
  publisher = 	 {Addison-Wesley},
  year = 	 {1984},
  edition = 	 {15th}
}

@InCollection{boulic:91,
  author = 	 {R. Boulic and O. Renault},
  title = 	 {3D Hierarchies for Animation},
  booktitle = 	 {New Trends in Animation and Visualization},
  publisher =    {John Wiley {\&} Sons ltd.},
  year = 	 {1991},
  editor = 	 {Nadia Magnenat-Thalmann and Daniel Thalmann}
}

@InCollection{smith:99,
  author = 	 {A. Smith and B. Jones},
  title = 	 {On the Complexity of Computing},
  booktitle = 	 {Advances in Computer Science},
  pages = 	 {555--566},
  publisher =    {Publishing Press},
  year = 	 {1999},
  editor = 	 {A. B. Smith-Jones}
}
